@Article{Hoffman:2007,
  author = {Hoffman, Moshe and 
            Shalev, Ori and 
            Shavit, Nir},
  title = {The Baskets Queue},
  journaltitle = {Principles of Distributed Systems},
  date = {2007},
  editor = {Tovar, Eduardo and 
            Tsigas, Philippas and
            Fouchal, Hacène},
  editora = {Goos, Gerhard and 
            Hartmanis, Juris and
            van Leeuwen, Jan},
  editoratype = {founder},
  issuetitle = {11th International Conference, OPODIS 2007 Guadeloupe, French West Indies, December 17-20, 2007 Proceedings},
  language = {langenglish},
  series = {Lecture Notes in Computer Science},
  issue = {4878},
  pages = {401--414},
  isbn = {978-3-540-77095-4},
  doi = {10.1007/978-3-540-77096-1_29},
  url = {https://bit.ly/2EoTfmd},
  urldate = {2019-01-24}
}

@Article{Michael:1996,
  author = {Michael, Maged M. and 
            Scott, Michael L.},
  title = {Simple, Fast, and Practical Non-Blocking and Blocking Concurrent Queue Algorithms},
  date = {1996},
  editor = {Burns, James E. and 
            Moses, Yoram},
  issuetitle = {PODC '96: Proceedings of the Fifteenth Annual ACM Symposium on Principles of Distributed Computing},
  language = {langenglish},
  pages = {267--275},
  isbn = {0-89791-800-2},
  doi = {10.1145/248052.24810629},
  url = {https://bit.ly/34cP9rz},
  urldate = {2019-01-24}
}

@Article{Hendler:2010,
  author = {Hendler, Danny and 
            Incze, Itai and 
            Shavit, Nir and
            Tzafrir, Moran},
  title = {Flat Combining and the Synchronization-Parallelism Tradeoff},
  date = {2010},
  editor = {auf der Heide, Friedhelm Meyer and 
            Phillips, Cynthia},
  issuetitle = {SPAA '10: Proceedings of the Twenty-second Annual ACM Symposium on Parallelism in Algorithms and Architectures},
  language = {langenglish},
  pages = {355--364},
  isbn = {978-1-4503-0079-7},
  doi = {10.1145/1810479.1810540},
  url = {https://bit.ly/2YFIMfm},
  urldate = {2019-01-24}
}

@Article{Doherty:2004,
  author = {Doherty, Simon and 
            Groves, Lindsay and 
            Luchangco, Victor and 
            Moir, Mark},
  title = {Formal Verification of a Practical Lock-Free Queue Algorithm},
  journaltitle = {Formal Techniques for Networked and Distributed Systems – FORTE 2004},
  date = {2004},
  editor = {de Frutos-Escrig, David and 
            Núñez, Manuel},
  editora = {Goos, Gerhard and 
            Hartmanis, Juris and
            van Leeuwen, Jan},
  editoratype = {founder},
  issuetitle = {24th IFIP WG 6.1 International Conference, Madrid Spain, September 27-30, 2004 Proceedings},
  language = {langenglish},
  series = {Lecture Notes in Computer Science},
  issue = {3235},
  pages = {97--114},
  isbn = {978-3-540-23252-0},
  doi = {10.1007/978-3-540-30232-2_7}
}

@Article{Ladan-Mozes:2004,
  author = {Ladan-Mozes, Edya and
            Shavit, Nir},
  title = {An Optimistic Approach to Lock-Free FIFO Queues},
  journaltitle = {Distributed Computing},
  date = {2004},
  editor = {Guerraoui, Rachid},
  editora = {Goos, Gerhard and 
            Hartmanis, Juris and
            van Leeuwen, Jan},
  editoratype = {founder},
  issuetitle = {18th International Conference, DISC 2004, Amsterdam, The Netherlands, October 4-7, 2004 Proceedings},
  language = {langenglish},
  series = {Lecture Notes in Computer Science},
  issue = {3274},
  pages = {117--131},
  isbn = {978-3-540-23306-0},
  doi = {10.1007/978-3-540-30186-8_9},
  url = {https://bit.ly/34dyfJy},
  urldate = {2019-01-24}
}

@Article{Afek:2010,
  author = {Afek, Yehuda and
            Korland, Guy and
            Yanovsky, Eitan},
  title = {Quasi-Linearizability: Relaxed Consistency for Improved Concurrency},
  journaltitle = {Principles of Distributed Systems},
  date = {2010},
  editor = {Lu, Chenyang and
            Masuzawa, Toshimitsu and
            Mosbah, Mohamed},
  editora = {Goos, Gerhard and 
            Hartmanis, Juris and
            van Leeuwen, Jan},
  editoratype = {founder},
  issuetitle = {14th International Conference, OPODIS 2010 Tozeur, Tunisia, December 14-17, 2010 Proceedings},
  language = {langenglish},
  series = {Lecture Notes in Computer Science},
  issue = {6490},
  pages = {395--410},
  isbn = {978-3-642-17652-4},
  doi = {10.1007/978-3-642-17653-1_29},
  url = {https://bit.ly/2shYTDH},
  urldate = {2019-01-24}
}

@Article{Belady:1966,
  author = {Belady, Laszlo A.},
  title = {A Study of Replacement Algorithms for Virtual-Storage Computer},
  journaltitle = {IBM Systems Journal},
  date = {1966-06},
  language = {langenglish},
  volume = {5},
  issue = {2},
  pages = {78--101},
  issn = {0018-8670},
  doi = {10.1147/sj.52.0078}
}

@Article{Effelsberg:1984,
  author = {Effelsberg, Wolfgang and 
            Härder, Theo},
  title = {Principles of Database Buffer Management},
  journaltitle = {ACM Transactions on Database Systems},
  date = {1984-12},
  editor = {Taylor, Robert W.},
  language = {langenglish},
  volume = {9},
  issue = {4},
  pages = {560--595},
  issn = {0362-5915},
  doi = {10.1145/1994.2022}
}

@Article{Park:1988,
  author = {Park, Stephen K. and 
            Miller, Keith W.},
  title = {Random Number Generators: Good Ones Are Hard To Find},
  journaltitle = {Communications of the ACM},
  date = {1988-10},
  language = {langenglish},
  volume = {31},
  issue = {10},
  pages = {1192--1201},
  issn = {0001-0782},
  doi = {10.1145/63039.63042},
  url = {https://bit.ly/2LKj6cf},
  urldate = {2019-01-30}
}

@Article{Park:1993,
  author = {Park, Stephen K. and 
            Miller, Keith W. and
            Stockmeyer, Paul K.},
  title = {Technical Correspondence: Response},
  journaltitle = {Communications of the ACM},
  date = {1993-07},
  issuetitle = {Special Issue on Computer Augmented Environments: Back to the Real World},
  language = {langenglish},
  volume = {36},
  issue = {7},
  pages = {108--110},
  issn = {0001-0782},
  doi = {10.1145/159544.376068},
  url = {https://bit.ly/2PJ1PkT},
  urldate = {2019-01-30}
}

@Article{Matsumoto:1998,
  author = {Matsumoto, Makoto and
            Nishimura, Takuji},
  title = {Mersenne Twister: A 623-Dimensionally Equidistributed Uniform Pseudo-Random Number Generator},
  journaltitle = {ACM Transactions on Modeling and Computer Simulation (TOMACS)},
  date = {1998-01},
  editor = {Heidelberger, Philip and 
            Coutre, Raymond and
            L'Ecuyer, Pierre},
  issuetitle = {Special Issue on Uniform Random Number Generation},
  language = {langenglish},
  volume = {8},
  issue = {1},
  pages = {3--30},
  issn = {1049-3301},
  doi = {10.1145/272991.272995},
  url = {https://bit.ly/2qQD0uU},
  urldate = {2019-01-24}
}

@Article{Luescher:1993,
  author = {Lüscher, Martin},
  title = {A Portable High-Quality Random Number Generator for Lattice Field Theory Simulations},
  journaltitle = {Computer Physics Communications},
  date = {1994-02},
  language = {langenglish},
  volume = {79},
  issue = {1},
  pages = {100--110},
  issn = {0010-4655},
  doi = {10.1016/0010-4655(94)90232-1}
}

@Article{James:1993,
  author = {James, Frederick E.},
  title = {RANLUX: A Fortran Implementation of the High-Quality Pseudorandom Number Generator of Lüscher},
  journaltitle = {Computer Physics Communications},
  date = {1994-02},
  language = {langenglish},
  volume = {79},
  issue = {1},
  pages = {111--114},
  issn = {0010-4655},
  doi = {10.1016/0010-4655(94)90233-X}
}

@Article{Thomson:1958,
  author = {Thomson, W. E.},
  title = {A Modified Congruence Method of Generating Pseudo-random Numbers},
  journaltitle = {The Computer Journal},
  date = {1958-01},
  language = {langenglish},
  volume = {1},
  number = {2},
  pages = {83, 86},
  issn = {0010-4620},
  doi = {10.1093/comjnl/1.2.83},
  publisher = {Oxford University Press},
  address = {Oxford, England, UK}
}

@Article{Rotenberg:1960,
  author = {Rotenberg, A.},
  title = {A New Pseudo-Random Number Generator},
  journaltitle = {Journal of the ACM},
  date = {1960-01},
  editor = {Juncosa, Mario L.},
  language = {langenglish},
  volume = {7},
  number = {1},
  pages = {75--77},
  issn = {0004-5411},
  doi = {10.1145/321008.321019},
  publisher = {ACM},
  address = {New York, NY, USA}
}

@Article{Lehman:1951,
  author = {Lehmer, Derrick H.},
  title = {Mathematical Methods in Large-scale Computing Units},
  date = {1951},
  editor = {H. Aiken, Howard},
  issuetitle = {Proceedings of a Second Symposium on Large-Scale Digital Calculating Machinery, 1949},
  language = {langenglish},
  series = {The Annals of the Computation Laboratory of the Harvard University},
  volume = {XXVI},
  pages = {141--146},
  url = {https://bit.ly/2Pf8c0i},
  urldate = {2019-12-11},
  publisher = {Harvard University Press},
  address = {Cambridge, MA, USA}
}

@Article{Savvidy:1991,
  author = {Savvidy, G. K. and
            Ter-Arutyunyan-Savvidy, N. G.},
  title = {On the Monte Carlo Simulation of Physical Systems},
  journaltitle = {Journal of Computational Physics},
  date = {1991-12},
  volume = {97},
  number = {2},
  pages = {566--572},
  language = {langenglish},
  issn = {0021-9991},
  doi = {10.1016/0021-9991(91)90015-D},
  publisher = {Elsevier}
}

@Report{ONeill:2014,
  author = {O'Neill, Melissa E.},
  title = {PCG: A Family of Simple Fast Space-Efficient Statistically Good Algorithms for Random Number Generation},
  type = {technical report},
  institution = {Harvey Mudd College},
  date = {2014-09-05},
  language = {langenglish},
  url = {https://bit.ly/2E9jpcr},
  urldate = {2019-12-12}  
}

@Article{Brent:1992,
  author = {Brent, Richard P.},
  title = {Uniform Random Number Generators for Supercomputers},
  date = {1992},
  issuetitle = {Proceedings Fifth Australian Supercomputer  Conference, 1949},
  language = {langenglish},
  url = {https://bit.ly/2Ph1y9K},
  urldate = {2019-12-12}
}

@Article{Salmon:2011,
  author = {Salmon, John K. and
            Moraes, Mark A. and
            Dror, Ron O. and
            Shaw, David E.},
  title = {Parallel Random Numbers: As Easy As 1, 2, 3},
  issuetitle = {Proceedings of 2011 International Conference for High Performance Computing, Networking, Storage and Analysis},
  year = {2011},
  articleno = {16},
  isbn = {978-1-4503-0771-0},
  doi = {10.1145/2063384.2063405},
  publisher = {ACM},
  address = {New York, NY, USA}
}

@Article{Marsaglia:1991,
  author = {Marsaglia, George and
            Zaman, Arif},
  title = {A New Class of Random Number Generators},
  journaltitle = {The Annals of Applied Probability},
  editor = {Steele, J. Michael},
  language = {langenglish},
  date = {1991-08},
  volume = {1},
  number = {3},
  pages = {462--480},
  issn = {2168-8737},
  doi = {10.1214/aoap/1177005878},
  publisher = {The Institute of Mathematical Statistics}
}

@Article{Tausworthe:1965,
  author = {Tausworthe, Robert C.},
  title = {Random Numbers Generated by Linear Recurrence Modulo Two},
  journaltitle = {Mathematics of Computation},
  language = {langenglish},
  date = {1965-04},
  volume = {19},
  number = {90},
  pages = {201--209},
  issn = {1088-6842},
  doi = {10.1090/S0025-5718-1965-0184406-1},
  publisher = {American Mathematical Society},
  address = {Boston, MA, USA}
}

@Article{LEcuyer:1996,
  author = {L'Ecuyer, Pierre},
  title = {Maximally Equidistributed Combined Tausworthe Generators},
  journaltitle = {Mathematics of Computation},
  language = {langenglish},
  date = {1996-01},
  volume = {65},
  number = {213},
  pages = {203--213},
  issn = {0025-5718},
  doi = {10.1090/S0025-5718-96-00696-5},
  url = {https://bit.ly/2PHy9EC},
  urldate = {2019-12-13},
  publisher = {American Mathematical Society},
  address = {Boston, MA, USA},
}

@Article{Marsaglia:2003,
  author = {Marsaglia, George},
  title = {Xorshift RNGs},
  journaltitle = {Journal of Statistical Software, Articles},
  language = {langenglish},
  date = {2003-07-04},
  volume = {8},
  number = {14},
  pages = {1--6},
  issn = {1548-7660},
  doi = {10.18637/jss.v008.i14},
  publisher = {Foundation for Open Access Statistics}
}

@Article{Vigna:2017,
  author = {Vigna, Sebastiano},
  title = {Further Scramblings of Marsaglia’s Xorshift Generators},
  journaltitle = {Journal of Computational and Applied Mathematics},
  language = {langenglish},
  date = {2017-05-01},
  volume = {315},
  pages = {175--181},
  issn = {0377-0427},
  doi = {10.1016/j.cam.2016.11.006},
  publisher = {Elsevier},
  address = {Amsterdam, NL}
}

@Article{Panneton:2006,
  author = {Panneton, François and
            L'Ecuyer, Pierre and
            Matsumoto, Makoto},
  title = {Improved Long-period Generators Based on Linear Recurrences Modulo 2},
  journaltitle = {ACM Transactions on Mathematical Software},
  date = {2006-03},
  editor = {Gladwell, Ian},
  language = {langenglish},
  volume = {32},
  number = {1},
  pages = {1--16},
  issn = {0098-3500},
  doi = {10.1145/1132973.1132974},
  publisher = {ACM},
  address = {New York, NY, USA}
}

@Article{Harase:2009,
  author = {Harase, Shin},
  title = {Maximally Equidistributed Pseudorandom Number Generators via Linear Output Transformations},
  journaltitle = {Mathematics and Computers in Simulation},
  date = {2009-01},
  editor = {Beauwens, R.},
  language = {langenglish},
  volume = {79},
  number = {5},
  issn = {0378-4754},
  pages = {1512--1519},
  doi = {10.1016/j.matcom.2008.06.006},
  publisher = {Elsevier},
  address = {Amsterdam, NL}
}

@Article{LEcuyer:1988,
  author = {L'Ecuyer, P.},
  title = {Efficient and Portable Combined Random Number Generators},
  journaltitle = {Communications of the ACM},
  date = {1988-06},
  editor = {Denning, Peter J.},
  language = {langenglish},
  volume = {31},
  number = {6},
  issn = {0001-0782},
  pages = {742--751},
  doi = {10.1145/62959.62969},
  url = {https://bit.ly/34GQTd6},
  urldate = {2019-12-19},
  publisher = {ACM},
  address = {New York, NY, USA}
}

@Article{Bays:1976,
  author = {Bays, Carter and
            Durham, S. D.},
  title = {Improving a Poor Random Number Generator},
  journaltitle = {ACM Transactions on Mathematical Software},
  date = {1976-03},
  language = {langenglish},
  volume = {2},
  number = {1},
  issn = {0098-3500},
  pages = {59--64},
  doi = {10.1145/355666.355670},
  publisher = {ACM},
  address = {New York, NY, USA}
}

@Book{Kreutzer:1986,
  author = {Kreutzer, Wolfgang},
  title = {System Simulation Programming Styles and Languages},
  year = {1986},
  language = {langenglish},
  isbn = {0-201-12914-0},
  publisher = {Addison-Wesley},
  address = {Boston, MA, USA}
}

@Book{Knuth:1981,
  author = {Knuth, Donald E.},
  title = {The Art of Computer Programming, Volume 2: Seminumerical Algorithms},
  year = {1981},
  isbn = {0-201-03822-6},
  publisher = {Addison-Wesley},
  address = {Boston, MA, USA},
}

@Article{Blackman:2018,
  author = {Blackman, David and
            Vigna, Sebastiano},
  title = {Scrambled Linear Pseudorandom Number Generators},
  journaltitle = {Computing Research Repository},
  year = {2018},
  eprint = {1805.01407}
}

@Article{Hurd:1974,
  author = {Hurd, William. J.},
  title = {Efficient Generation of Statistically Good Pseudonoise by Linearly Interconnected Shift Registers},
  journaltitle = {IEEE Transactions on Computers},
  date = {1974-02},
  language = {langenglish},
  volume = {C-23},
  number = {2},
  pages = {146--152},
  issn = {2326-3814},
  doi = {10.1109/T-C.1974.223877},
  publisher = {IEEE},
  address = {New York, NY, USA}
}

@Article{Marsaglia:1990,
  author = {Marsaglia, George and
            Zaman, Arif and
            Tsang, Wai Wan},
  title = {Toward a Universal Random Number Generator},
  journaltitle = {Statistics \& Probability Letters},
  date = {1990-01},
  editor = {Johnson, R. A.},
  language = {langenglish},
  volume = {9},
  number = {1},
  pages = {35--39},
  issn = {0167-7152},
  doi = {10.1016/0167-7152(90)90092-L},
  publisher = {Elsevier},
  address = {Amsterdam, NL}
}

@Article{James:1990,
  author = {James, F.},
  title = {A Review of Pseudorandom Number Generators},
  journaltitle = {Computer Physics Communications},
  date = {1990-10},
  editor = {Burke, P. G. and
            Diercksen, GeerdH. F. and
            Eastwood, J. W. and
            Inglesfield, J. E. and
            James, F. and
            Kuck, D. J. and
            Truhlar, Donald G.},
  language = {langenglish},
  volume = {60},
  number = {3},
  pages = {329--344},
  issn = {0010-4655},
  doi = {10.1016/0010-4655(90)90032-V},
  publisher = {Elsevier},
  address = {Amsterdam, NL}
}

@Report{Bernstein:2008,
  author = {Bernstein, Daniel J.},
  title = {ChaCha, a variant of Salsa20},
  date = {2008-01-28},
  language = {langenglish},
  url = {https://bit.ly/2raJ7KB},
  urldate = {2019-12-20}  
}

@Article{Gutbrod:1995,
  author = {Gutbrod, F.},
  title = {A Fast Random Number Generator for the Intel Paragon Supercomputer},
  journaltitle = {Computer Physics Communications},
  date = {1995-06},
  editor = {Burke, P. G. and
            Diercksen, GeerdH. F. and
            Eastwood, J. W. and
            Inglesfield, J. E. and
            James, F. and
            Truhlar, Donald G.},
  language = {langenglish},
  volume = {87},
  number = {3},
  pages = {291--306},
  issn = {0010-4655},
  doi = {10.1016/0010-4655(95)00005-Z},
  publisher = {Elsevier},
  address = {Amsterdam, NL}
}

@Article{Eichenauer:1986,
  author = {Eichenauer, Jürgen and
            Lehn, Jürgen},
  title = {A Non-Linear Congruential Pseudo Random Number Generator},
  journaltitle = {Statistische Hefte},
  date = {1986-12},
  language = {langenglish},
  volume = {27},
  number = {1},
  pages = {315--326},
  issn = {1613-9798},
  doi = {10.1007/BF02932576},
  publisher = {Springer-Verlag},
  address = {Heidelberg, DE}
}

@Article{Hellekalek:1995,
  author = {Hellekalek, Peter},
  title = {Inversive Pseudorandom Number Generators: Concepts, Results and Links},
  date = {1995-12},
  editor = {Alexopoulos, C. and
            Kang, K. and
            Lilegdon, W. R. and
            Goldsman, D.},
  issuetitle = {Proceedings of the 1995 Winter Simulation Conference},
  language = {langenglish},
  pages = {255--262},
  isbn = {0-78033018-8},
  doi = {10.1109/WSC.1995.478732}
}

@Inproceedings{Arulraj:2015,
  author = {Arulraj, Joy and
            Pavlo, Andrew and
            Dulloor, Subramanya R.},
  title = {Let’s Talk About Storage \& Recovery Methods for Non-Volatile Memory Database Systems},
  date = {2015-05},
  language = {langenglish},
  isbn = {978-1-4503-2758-9},
  publisher = {ACM},
  address = {New York, NY, USA},
  url = {https://bit.ly/2F9omlS},
  urldate = {2019-12-31},
  doi = {10.1145/2723372.2749441},
  booktitle = {Proceedings of the 2015 ACM SIGMOD International Conference on Management of Data},
  pages = {707--722},
  location = {Melbourne, Victoria, Australia},
  series = {SIGMOD ’15}
}

@Article{Steele:2014,
  author = {Steele, Guy L. and
            Lea, Doug and
            Flood, Christine H.},
  title = {Fast Splittable Pseudorandom Number Generators},
  journaltitle = {SIGPLAN Notices},
  date = {2014-10},
  editor = {Gill, Andy},
  language = {langenglish},
  volume = {49},
  number = {10},
  pages = {453--472},
  issn = {0362-1340},
  doi = {10.1145/2714064.2660195},
  url = {https://bit.ly/2t1MB2V},
  urldate = {2020-01-09},
  publisher = {ACM},
  address = {New York, NY, USA}
}

@article{Leiserson:2012,
  author = {Leiserson, Charles E. and
            Schardl, Tao B. and
            Sukha, Jim},
  title = {Deterministic Parallel Random-Number Generation for Dynamic-Multithreading Platforms},
  journaltitle = {SIGPLAN Notices},
  date = {2012-08},
  editor = {Gill, Andy},
  language = {langenglish},
  volume = {47},
  number = {8},
  pages = {193–204},
  issn = {0362-1340},
  doi = {10.1145/2370036.2145841},
  url = {https://bit.ly/2uxe90D},
  urldate = {2020-01-09},
  publisher = {ACM},
  address = {New York, NY, USA}
}
